@article{sac,
  author    = {Tuomas Haarnoja and
               Aurick Zhou and
               Pieter Abbeel and
               Sergey Levine},
  title     = {Soft Actor-Critic: Off-Policy Maximum Entropy Deep Reinforcement Learning
               with a Stochastic Actor},
  journal   = {CoRR},
  volume    = {abs/1801.01290},
  year      = {2018},
  url       = {http://arxiv.org/abs/1801.01290},
  archivePrefix = {arXiv},
  eprint    = {1801.01290},
  timestamp = {Mon, 13 Aug 2018 16:48:10 +0200},
  biburl    = {https://dblp.org/rec/journals/corr/abs-1801-01290.bib},
  bibsource = {dblp computer science bibliography, https://dblp.org}
}

@inproceedings{xu2020prediction,
  title={Prediction-guided multi-objective reinforcement learning for continuous robot control},
  author={Xu, Jie and Tian, Yunsheng and Ma, Pingchuan and Rus, Daniela and Sueda, Shinjiro and Matusik, Wojciech},
  booktitle={International Conference on Machine Learning},
  pages={10607--10616},
  year={2020},
  organization={PMLR}
}
@book{puterman2014markov,
  added-at = {2017-04-07T12:13:11.000+0200},
  author = {Puterman, Martin L},
  interhash = {6cec8f775a265d8741171d17e4a4e7d0},
  intrahash = {2e7ac99cd30c4892171e5a7cef1bc7a7},
  keywords = {inthesis diss markov chain decision process citedby:scholar:count:9594 citedby:scholar:timestamp:2017-4-7},
  publisher = {John Wiley \& Sons},
  timestamp = {2017-04-07T12:13:11.000+0200},
  title = {Markov decision processes: discrete stochastic dynamic programming},
  year = 2014
}
@inproceedings{sun2018probabilistic,
  title={Probabilistic prediction of interactive driving behavior via hierarchical inverse reinforcement learning},
  author={Sun, Liting and Zhan, Wei and Tomizuka, Masayoshi},
  booktitle={2018 21st International Conference on Intelligent Transportation Systems (ITSC)},
  pages={2111--2117},
  year={2018},
  organization={IEEE}
}
@inproceedings{kim2020communication,
  title={Communication in Multi-Agent Reinforcement Learning: Intention Sharing},
  author={Kim, Woojun and Park, Jongeui and Sung, Youngchul},
  booktitle={International Conference on Learning Representations},
  year={2020}
}
@inproceedings{ke2018modeling,
  title={Modeling the long term future in model-based reinforcement learning},
  author={Ke, Nan Rosemary and Singh, Amanpreet and Touati, Ahmed and Goyal, Anirudh and Bengio, Yoshua and Parikh, Devi and Batra, Dhruv},
  booktitle={International Conference on Learning Representations},
  year={2018}
}
@inproceedings{wen2019probabilistic,
  title={Probabilistic recursive reasoning for multi-agent reinforcement learning},
  author={Wen, Ying and Yang, Yaodong and Luo, Rui and Wang, Jun and Pan, W},
  booktitle={7th International Conference on Learning Representations, ICLR 2019},
  year={2019}
}
@inproceedings{racaniere2017imagination,
  title={Imagination-augmented agents for deep reinforcement learning},
  author={Racani{\`e}re, S{\'e}bastien and Weber, Th{\'e}ophane and Reichert, David P and Buesing, Lars and Guez, Arthur and Rezende, Danilo and Badia, Adria Puigdomenech and Vinyals, Oriol and Heess, Nicolas and Li, Yujia and others},
  booktitle={Proceedings of the 31st International Conference on Neural Information Processing Systems},
  pages={5694--5705},
  year={2017}
}
@inproceedings{raileanu2018modeling,
  title={Modeling others using oneself in multi-agent reinforcement learning},
  author={Raileanu, Roberta and Denton, Emily and Szlam, Arthur and Fergus, Rob},
  booktitle={International conference on machine learning},
  pages={4257--4266},
  year={2018},
  organization={PMLR}
}
@ARTICLE{8897630,
  author={Biondi, Alessandro and Nesti, Federico and Cicero, Giorgiomaria and Casini, Daniel and Buttazzo, Giorgio},
  journal={IEEE Embedded Systems Letters}, 
  title={A Safe, Secure, and Predictable Software Architecture for Deep Learning in Safety-Critical Systems}, 
  year={2020},
  volume={12},
  number={3},
  pages={78-82},
  doi={10.1109/LES.2019.2953253}}
@article{haarnoja2018soft,
  title={Soft actor-critic: Off-policy maximum entropy deep reinforcement learning with a stochastic actor},
  author={Haarnoja, Tuomas and Zhou, Aurick and Abbeel, Pieter and Levine, Sergey},
  journal={arXiv preprint arXiv:1801.01290},
  year={2018}
}

@article{schulman2017proximal,
  title={Proximal policy optimization algorithms},
  author={Schulman, John and Wolski, Filip and Dhariwal, Prafulla and Radford, Alec and Klimov, Oleg},
  journal={arXiv preprint arXiv:1707.06347},
  year={2017}
}
@article{mnih2015human,
  title={Human-level control through deep reinforcement learning},
  author={Mnih, Volodymyr and Kavukcuoglu, Koray and Silver, David and Rusu, Andrei A and Veness, Joel and Bellemare, Marc G and Graves, Alex and Riedmiller, Martin and Fidjeland, Andreas K and Ostrovski, Georg and others},
  journal={Nature},
  volume={518},
  number={7540},
  pages={529},
  year={2015},
  publisher={Nature Publishing Group}
}
@inproceedings{dey2021jirl,
 title={A Joint Imitation-Reinforcement Learning Framework for Reduced Baseline Regret},
 author={Dey, Sheelabhadra and Pendurkar, Sumedh and Sharon, Guni and Hanna, Josiah},
 booktitle={Proceedings of the 34th International Conference on Intelligent Robots and Systems (IROS 2021)},
 location = {Prague, Czech Republic (virtual)},
 month = {September},
 year={2021},
 pages = {}
}
@inproceedings{Ault2021signals,
 title={Reinforcement Learning Benchmarks for Traffic Signal Control},
 author={James Ault and Guni Sharon},
 booktitle={Proceedings of the 35th Neural Information Processing Systems (NeurIPS 2021) Track on Datasets and Benchmarks},
 location = {Virtual},
 month = {December},
 year={2021},
 pages = {},
}
@inproceedings{ault2020learning,
 title={Learning an Interpretable Traffic Signal Control Policy},
 author={James Ault and Josiah Hanna and Guni Sharon},
 booktitle={Proceedings of the 19th International Conference on Autonomous Agents and MultiAgent Systems (AAMAS 2020)},
 location = {Auckland, New Zealand},
 month = {May},
 year={2020},
 organization={International Foundation for Autonomous Agents and Multiagent Systems}
}
@INPROCEEDINGS{8793742,
author={A. {Kendall} and J. {Hawke} and D. {Janz} and P. {Mazur} and D. {Reda} and J. {Allen} and V. {Lam} and A. {Bewley} and A. {Shah}},
booktitle={2019 International Conference on Robotics and Automation (ICRA)},
title={Learning to Drive in a Day},
year={2019},
volume={},
number={},
pages={8248-8254},
keywords={learning (artificial intelligence);mobile robots;road safety;road traffic control;road vehicles;robot vision;autonomous driving tasks;single monocular image;safety driver;model-free deep reinforcement learning algorithm;lane following;on-vehicle;Reinforcement learning;Autonomous vehicles;Task analysis;Markov processes;Global Positioning System;Sensors;Training},
doi={10.1109/ICRA.2019.8793742},
ISSN={1050-4729},
month={May}}
@article{sallab2017deep,
  title={Deep reinforcement learning framework for autonomous driving},
  author={Sallab, Ahmad EL and Abdou, Mohammed and Perot, Etienne and Yogamani, Senthil},
  journal={Electronic Imaging},
  volume={2017},
  number={19},
  pages={70--76},
  year={2017},
  publisher={Society for Imaging Science and Technology}
}
@article{gao2014machine,
  title={Machine learning applications for data center optimization},
  author={Gao, Jim},
  year={2014}
}
@article{vandael2015reinforcement,
  title={Reinforcement learning of heuristic EV fleet charging in a day-ahead electricity market},
  author={Vandael, Stijn and Claessens, Bert and Ernst, Damien and Holvoet, Tom and Deconinck, Geert},
  journal={IEEE Transactions on Smart Grid},
  volume={6},
  number={4},
  pages={1795--1805},
  year={2015},
  publisher={IEEE}
}
@article{kaiser2019model,
  title={Model-based reinforcement learning for {A}tari},
  author={Kaiser, Lukasz and Babaeizadeh, Mohammad and Milos, Piotr and Osinski, Blazej and Campbell, Roy H and Czechowski, Konrad and Erhan, Dumitru and Finn, Chelsea and Kozakowski, Piotr and Levine, Sergey and others},
  journal={arXiv preprint arXiv:1903.00374},
  year={2019}
}
@article{foerster2016learning,
  title={Learning to communicate with deep multi-agent reinforcement learning},
  author={Foerster, Jakob N and Assael, Yannis M and De Freitas, Nando and Whiteson, Shimon},
  journal={arXiv preprint arXiv:1605.06676},
  year={2016}
}
@article{sukhbaatar2016learning,
  title={Learning multiagent communication with backpropagation},
  author={Sukhbaatar, Sainbayar and Fergus, Rob and others},
  journal={Advances in neural information processing systems},
  volume={29},
  pages={2244--2252},
  year={2016}
}
@article{jiang2018learning,
  title={Learning attentional communication for multi-agent cooperation},
  author={Jiang, Jiechuan and Lu, Zongqing},
  journal={arXiv preprint arXiv:1805.07733},
  year={2018}
}
@inproceedings{das2019tarmac,
  title={Tarmac: Targeted multi-agent communication},
  author={Das, Abhishek and Gervet, Th{\'e}ophile and Romoff, Joshua and Batra, Dhruv and Parikh, Devi and Rabbat, Mike and Pineau, Joelle},
  booktitle={International Conference on Machine Learning},
  pages={1538--1546},
  year={2019},
  organization={PMLR}
}
@article{oh2015action,
  title={Action-Conditional Video Prediction using Deep Networks in Atari Games},
  author={Oh, Junhyuk and Guo, Xiaoxiao and Lee, Honglak and Lewis, Richard L and Singh, Satinder},
  journal={Advances in Neural Information Processing Systems},
  volume={28},
  pages={2863--2871},
  year={2015}
}
@article{chiappa2017recurrent,
  title={Recurrent environment simulators},
  author={Chiappa, Silvia and Racaniere, S{\'e}bastien and Wierstra, Daan and Mohamed, Shakir},
  journal={arXiv preprint arXiv:1704.02254},
  year={2017}
}
@inproceedings{leibfried2017deep,
  title={A Deep Learning Approach for Joint Video Frame and Reward Prediction in Atari Games},
  author={Leibfried, F and Kushman, N and Hofmann, K},
  booktitle={5th International Conference on Learning Representations (ICLR 2017)},
  pages={1--17},
  year={2017}
}
@inproceedings{talvitie2014model,
  title={Model Regularization for Stable Sample Rollouts.},
  author={Talvitie, Erik},
  booktitle={UAI},
  pages={780--789},
  year={2014}
}
@inproceedings{talvitie2015agnostic,
  title={Agnostic system identification for monte carlo planning},
  author={Talvitie, Erik},
  booktitle={Proceedings of the Twenty-Ninth AAAI Conference on Artificial Intelligence},
  pages={2986--2992},
  year={2015}
}
@inproceedings{nagabandi2018neural,
  title={Neural network dynamics for model-based deep reinforcement learning with model-free fine-tuning},
  author={Nagabandi, Anusha and Kahn, Gregory and Fearing, Ronald S and Levine, Sergey},
  booktitle={2018 IEEE International Conference on Robotics and Automation (ICRA)},
  pages={7559--7566},
  year={2018},
  organization={IEEE}
}
@article{gulrajani2016pixelvae,
  title={Pixelvae: A latent variable model for natural images},
  author={Gulrajani, Ishaan and Kumar, Kundan and Ahmed, Faruk and Taiga, Adrien Ali and Visin, Francesco and Vazquez, David and Courville, Aaron},
  journal={arXiv preprint arXiv:1611.05013},
  year={2016}
}
@article{zhang2018advances,
  title={Advances in variational inference},
  author={Zhang, Cheng and B{\"u}tepage, Judith and Kjellstr{\"o}m, Hedvig and Mandt, Stephan},
  journal={IEEE transactions on pattern analysis and machine intelligence},
  volume={41},
  number={8},
  pages={2008--2026},
  year={2018},
  publisher={IEEE}
}

@article{gym,
  title={Openai gym},
  author={Brockman, Greg and Cheung, Vicki and Pettersson, Ludwig and Schneider, Jonas and Schulman, John and Tang, Jie and Zaremba, Wojciech},
  journal={arXiv preprint arXiv:1606.01540},
  year={2016}
}

@misc{stable-baselines,
  author = {Hill, Ashley and Raffin, Antonin and Ernestus, Maximilian and Gleave, Adam and Kanervisto, Anssi and Traore, Rene and Dhariwal, Prafulla and Hesse, Christopher and Klimov, Oleg and Nichol, Alex and Plappert, Matthias and Radford, Alec and Schulman, John and Sidor, Szymon and Wu, Yuhuai},
  title = {Stable Baselines},
  year = {2018},
  publisher = {GitHub},
  journal = {GitHub repository},
  howpublished = {https://github.com/hill-a/stable-baselines},
}

@INPROCEEDINGS{mujoco,  author={Todorov, Emanuel and Erez, Tom and Tassa, Yuval},  booktitle={2012 IEEE/RSJ International Conference on Intelligent Robots and Systems},   title={MuJoCo: A physics engine for model-based control},   year={2012},  volume={},  number={},  pages={5026-5033},  doi={10.1109/IROS.2012.6386109}}

@article{reinforce,
  title={Simple statistical gradient-following algorithms for connectionist reinforcement learning},
  author={Ronald J. Williams},
  journal={Machine Learning},
  year={2004},
  volume={8},
  pages={229-256}
}

@misc{rl-zoo3,
  author = {Raffin, Antonin},
  title = {RL Baselines3 Zoo},
  year = {2020},
  publisher = {GitHub},
  journal = {GitHub repository},
  howpublished = {\url{https://github.com/DLR-RM/rl-baselines3-zoo}},
}
@misc{pybullet,
    author =   {Erwin Coumans and Yunfei Bai},
    title =    {PyBullet, a Python module for physics simulation for games, robotics and machine learning},
    howpublished = {\url{http://pybullet.org}},
    year = {2016--2021}
}